TIME,TRADE_ID,PRICE,SIZE,SIDE,TYPE,UID
2024-02-25T09:29:36.446Z,100,51590,6,buy,fill,b5237178-9b68-4bd3-a081-405a5a579307
2024-02-25T09:29:36.447Z,99,51590,20,buy,fill,f4a8b49b-4636-4106-a87a-1726bb1c37e8
2024-02-25T09:29:36.452Z,98,51590,32,buy,fill,3671e732-5b9b-4e37-95f8-c4e24243da2f
2024-02-25T09:29:36.457Z,97,51590,8,buy,fill,f6b149b6-fe1c-47de-ab33-96aec59dac30
2024-02-25T09:29:36.463Z,96,51590,3,buy,fill,e0a80d7e-f5d9-4d62-8802-b9c0db23e16e
2024-02-25T09:29:36.468Z,95,51590,14,buy,fill,17ea51c5-b082-4d7e-bcb1-a4e1bb873afc
2024-02-25T09:29:36.469Z,94,51590,3,buy,fill,64983e0a-18d5-43ad-b7c1-2f0c82271749
2024-02-25T09:29:36.472Z,93,51590,6,buy,fill,9beb6fa5-8b91-4f32-a3c0-389f587ee864
2024-02-25T09:29:36.477Z,92,51590,34,buy,fill,fab0132b-4bf9-4d04-89ad-b23d3adec077
2024-02-25T09:29:36.481Z,91,51590,6,buy,fill,d550422f-99f2-4bf3-9c6f-da1f1dfe3926
2024-02-25T09:29:36.482Z,90,51590,3,buy,fill,98adba4d-9462-4156-90f8-c81de94ef485
2024-02-25T09:29:36.487Z,89,51590,3,buy,fill,b1648d0e-dad3-401d-9327-f8e2cb56f1d3
2024-02-25T09:29:36.491Z,88,51590,18,buy,fill,6f1fde31-f118-4a55-9969-0f4c4de4f144
2024-02-25T09:29:36.491Z,87,51590,2,buy,fill,458d2ffc-b11d-4e1b-97df-5a05cb86a280
2024-02-25T09:29:36.494Z,86,51590,6,buy,fill,e2d21bce-fe98-4c29-8645-3a809a920ecc
2024-02-25T09:29:36.495Z,85,51590,8,buy,fill,1ae5fc3f-b9d7-478f-88dd-1c57ef1e9f84
2024-02-25T09:29:36.495Z,84,51590,3,buy,fill,2e8cb06e-f7c2-47ba-aa24-c5842587db84
2024-02-25T09:29:36.496Z,83,51590,3,buy,fill,c43535b5-81f9-42ca-8aca-f2c007dc7f44
2024-02-25T09:29:36.500Z,82,51590,12,buy,fill,1043c116-87d5-4462-9ecf-46cd5a66c2cb
2024-02-25T09:29:36.503Z,81,51590,3,buy,fill,3fa16d9d-7100-49ab-84ee-e91abefd3695
2024-02-25T09:29:36.503Z,80,51590,2,buy,fill,1921f4df-f654-4942-82f6-5c5964e79c94
2024-02-25T09:29:36.503Z,79,51590,3,buy,fill,968e700f-5d7c-470e-afcb-505e4fd04a03
2024-02-25T09:29:36.508Z,78,51590,6,buy,fill,2a08ea6f-d2e3-42a4-ad48-16df7e3c6e9d
2024-02-25T09:29:36.511Z,77,51590,3,buy,fill,18c07623-f07b-40a8-8859-93ee1124a8ab
2024-02-25T09:29:36.512Z,76,51590,6,buy,fill,22aa2f79-6f12-4bdf-9517-63b933639ca7
2024-02-25T09:29:36.516Z,75,51590,11,buy,fill,60b4ba22-7455-4e8e-be31-487dccb4b4a5
2024-02-25T09:29:36.521Z,74,51590,12,buy,fill,17dfde5c-830f-4dab-a71d-93cff8fea461
2024-02-25T09:29:36.525Z,73,51590,11,buy,fill,cdc9cb26-f0fd-47d5-b0d6-0039c55823e1
2024-02-25T09:29:36.548Z,72,51590,3,buy,fill,eb07e72b-bd53-4a17-915a-dd15ace53eee
2024-02-25T09:29:36.651Z,71,51590,24609,buy,fill,b87885ae-37e6-4e24-8cd4-e71e15aca4e5
2024-02-25T09:29:37.514Z,70,51590,11,buy,fill,db090280-5ff0-47df-bdde-98ddfc7ac201
2024-02-25T09:29:37.514Z,69,51590,9,buy,fill,71409a62-64d1-4d0e-a1d0-f5bcf48b7b4e
2024-02-25T09:29:37.519Z,68,51590,3,buy,fill,9d4b29e5-3139-42cb-9b55-1f8448c79075
2024-02-25T09:29:37.520Z,67,51590,9,buy,fill,ee6e5613-0e73-4b36-b530-e39321e17dee
2024-02-25T09:29:37.523Z,66,51590,43,buy,fill,8d882ad6-112d-4a62-bbe6-f575a404f4cf
2024-02-25T09:29:37.528Z,65,51590,9,buy,fill,753c2689-a09e-47be-959a-aa6edfd004d9
2024-02-25T09:29:37.532Z,64,51590,8,buy,fill,3eae6900-8e1e-4157-9525-37b63666720d
2024-02-25T09:29:37.537Z,63,51590,6,buy,fill,f3117147-dda9-427d-a334-4dc1c00f28c5
2024-02-25T09:29:37.541Z,62,51590,20,buy,fill,b8620ae5-85a3-49ce-9fbe-266e584251c6
2024-02-25T09:29:37.545Z,61,51590,9,buy,fill,ddc2f938-3215-43f4-a5a6-5e24192c0e6a
2024-02-25T09:29:37.545Z,60,51590,3,buy,fill,dc7b1619-d7af-45ad-9238-ccb5bc2d0d30
2024-02-25T09:29:37.546Z,59,51590,8,buy,fill,cb52bb8a-70ea-48ab-bc41-92bb104a3764
2024-02-25T09:29:37.552Z,58,51590,23,buy,fill,8cd08ddd-f74f-43a6-9988-adc9edcc01a5
2024-02-25T09:29:37.552Z,57,51590,9,buy,fill,aed04363-7fe3-4876-8b7b-79f9a0d5954e
2024-02-25T09:29:37.557Z,56,51590,5,buy,fill,e2830420-68ed-4a24-a857-310c7850d226
2024-02-25T09:29:37.568Z,55,51590,5,buy,fill,0c7b2ee7-da6e-4b1b-b8c9-c6875312a0bc
2024-02-25T09:29:37.568Z,54,51590,41,buy,fill,d3e80a7a-ad7e-48d8-99dd-988fe0d12b57
2024-02-25T09:29:37.572Z,53,51590,6,buy,fill,f90812c9-55b1-49da-9859-e7366708ce69
2024-02-25T09:29:37.574Z,52,51590,15,buy,fill,49a94624-5102-4575-9e73-4af874fa7b3e
2024-02-25T09:29:37.578Z,51,51590,3,buy,fill,304306bf-2989-482d-861f-b044c325625f
2024-02-25T09:29:37.578Z,50,51590,2,buy,fill,0409c126-335a-4353-8467-4185112d7ea5
2024-02-25T09:29:37.580Z,49,51590,3,buy,fill,18019691-fae9-4fcb-9bfc-2f18207cfd60
2024-02-25T09:29:37.584Z,48,51590,20,buy,fill,70117cc6-894b-47a1-a62d-92484fb79b91
2024-02-25T09:29:37.588Z,47,51590,3,buy,fill,1ec26b0f-c109-4316-a383-6f3416fa5177
2024-02-25T09:29:37.593Z,46,51590,3,buy,fill,59eb5eef-6e43-4d7d-a8b6-90ec19e87849
2024-02-25T09:29:37.597Z,45,51590,6,buy,fill,d3b4acd2-93bc-46dd-a38e-be632be099e7
2024-02-25T09:29:37.612Z,44,51590,3,buy,fill,a8a0a7a2-6c45-4ac3-ac68-d9a61b8185d1
2024-02-25T09:29:37.670Z,43,51590,14,buy,fill,7aed3380-096c-4108-8751-259b10e894dd
2024-02-25T09:29:39.650Z,42,51590,1664,buy,fill,c498fdcc-2369-44a9-9f0c-1be7d3063308
2024-02-25T09:29:39.650Z,41,51590,22945,buy,fill,0926be03-6c22-43e6-9aaa-8fbddf35d8b3
2024-02-25T09:32:00.137Z,40,51610,2358,sell,fill,5dc99050-1077-438c-a25e-d4aa13aad6e6
2024-02-25T09:32:00.137Z,39,51610,10000,sell,fill,1257246b-a0b9-44eb-b925-49eced3b0de4
2024-02-25T09:32:00.808Z,38,51589.5,3550,buy,fill,928cbcfb-b3be-45ab-aeee-80fa4e7bf9f3
2024-02-25T09:32:01.480Z,37,51589.5,2089,buy,fill,69053e0e-694c-40af-9daf-d3082c2b9584
2024-02-25T09:32:01.557Z,36,51589,3000,buy,fill,ccd0c224-2d21-441e-b41e-5325fed3d305
2024-02-25T09:38:14.007Z,35,51616.5,900,buy,fill,0237110d-40fa-4e28-9a75-7fa4f7055120
2024-02-25T09:38:14.009Z,34,51616.5,500,buy,fill,501cd1ca-16c7-40b7-bae4-956c8441930b
2024-02-25T09:38:14.009Z,33,51616.5,400,buy,fill,e787758b-2f97-4dbf-a175-244b1a7ce7c5
2024-02-25T09:38:14.009Z,32,51616.5,300,buy,fill,6bada991-4176-4a89-b743-315b40492fd9
2024-02-25T09:38:14.009Z,31,51616.5,200,buy,fill,6027eaea-5a3f-46a8-91b2-6142e7a2b171
2024-02-25T09:38:14.010Z,30,51616.5,700,buy,fill,86caf877-5525-45f1-8cb2-32202c1c3543
2024-02-25T09:38:14.011Z,29,51616.5,450,buy,fill,c1ba3d82-d9ae-42e0-97c1-aa3c34167f26
2024-02-25T09:38:14.011Z,28,51616.5,350,buy,fill,d3f96782-e392-4e01-be1d-38351ab26ed7
2024-02-25T09:38:14.011Z,27,51616.5,200,buy,fill,464b8a35-c15e-47f2-9a4d-fd6fc2a35c11
2024-02-25T09:38:14.013Z,26,51616.5,200,buy,fill,3c18214a-dceb-40a1-9c73-b62306fa419e
2024-02-25T09:38:14.014Z,25,51616.5,700,buy,fill,e8f6c215-d08c-4f16-81a8-8678d684e345
2024-02-25T09:38:14.014Z,24,51616.5,500,buy,fill,f6be6011-a378-4313-948f-2d4e84e55f78
2024-02-25T09:38:17.502Z,23,51630.5,1465,buy,fill,3af4a72b-2cfa-48f3-bf19-720d66d34f1e
2024-02-25T09:38:48.054Z,22,51630.5,1465,buy,fill,385e8351-28e9-4975-8083-b37a71c78dc9
2024-02-25T09:38:56.083Z,21,51635.5,1466,buy,fill,a9c0cbb7-ed6f-42e5-8cf2-684a27749174
2024-02-25T09:39:07.424Z,20,51639.5,1466,buy,fill,c3dbe63c-661b-4b73-9c67-6b14f25641ce
2024-02-25T09:39:22.705Z,19,51640,1466,buy,fill,481777ae-e46b-456d-a3d1-4d6e34430db3
2024-02-25T09:40:15.958Z,18,51642.5,1466,buy,fill,bfd403a6-676e-461e-92c4-c1a8b3d1daa5
2024-02-25T09:45:20.945Z,17,51638,10000,sell,fill,e0e65837-f389-4b84-977c-609da89745b1
2024-02-25T09:51:15.110Z,16,51640,1466,buy,fill,43513a37-b952-4427-8ae7-85e71f991b39
2024-02-25T10:00:21.333Z,15,51642,2198,buy,fill,7b73f577-35ab-48e5-8c16-e870d685004f
2024-02-25T10:00:43.711Z,14,51642,2198,buy,fill,008f22e6-1e92-40c2-a6dd-620420403423
2024-02-25T10:01:02.515Z,13,51645.5,2198,buy,fill,f6259478-5408-45ca-8b70-51bc6f9a3343
2024-02-25T10:01:15.170Z,12,51666.5,2050,buy,fill,3dd25751-f086-4c34-bc3a-45935853845a
2024-02-25T10:01:15.170Z,11,51665.5,3550,buy,fill,e9ea5936-235c-4231-b372-210bb99829d4
2024-02-25T10:01:15.170Z,10,51665,4300,buy,fill,1e11ac74-71b9-4bfa-80e4-4226f0900586
2024-02-25T10:01:15.170Z,9,51657,3550,buy,fill,e62e7eb2-9c3f-498a-91b2-c487f896697f
2024-02-25T10:01:15.170Z,8,51656.5,4300,buy,fill,33ae0f47-6c46-4fac-ba4d-ec256c743ffd
2024-02-25T10:01:15.170Z,7,51656,3000,buy,fill,296aa5dc-41a9-46be-a780-26e545bcf965
2024-02-25T10:01:15.170Z,6,51654,3550,buy,fill,0d73094a-5c14-4a4d-83f3-f25b94172158
2024-02-25T10:01:15.170Z,5,51653.5,4300,buy,fill,df0a3c51-3095-4bb1-afa7-add2f707732c
2024-02-25T10:01:15.170Z,4,51651,4300,buy,fill,edea3413-219f-42a4-88c8-bda5d55b39ae
2024-02-25T10:01:15.170Z,3,51651,3550,buy,fill,aa105d41-88fb-4e46-b32e-c5be6b51b1cb
2024-02-25T10:01:15.170Z,2,51651,3550,buy,fill,c29551a1-77e1-4c3c-981f-f2cb1096bb5c
2024-02-25T10:02:56.584Z,1,51663,1,buy,fill,a3790b38-5173-46f5-aff2-881c035e2b43
